<?xml version="1.0" encoding="UTF-8"?><collection xmlns="http://www.loc.gov/MARC21/slim"><record><leader>00402nam--2200133-i-4500</leader><controlfield tag="001">000000139</controlfield><controlfield tag="002">20161230</controlfield><controlfield tag="005">20161230201023</controlfield><controlfield tag="008">060222s1000------------r-----000-0-eng-d</controlfield><datafield ind1=" " ind2=" " tag="080"><subfield code="a">530.1(043)</subfield></datafield><datafield ind1=" " ind2=" " tag="100"><subfield code="a">Gervois, Annie</subfield></datafield><datafield ind1=" " ind2=" " tag="245"><subfield code="a">Utilisation des matrices aleatoires pour le calcul des densites de niveaux de systemes nucleaires.these</subfield></datafield><datafield ind1=" " ind2=" " tag="260"><subfield code="a">Paris, L`Universite Paris.  60 P.Dif</subfield></datafield><datafield ind1=" " ind2=" " tag="852"><subfield code="a">40529</subfield></datafield></record></collection>